@Inbook{Rastegari2016,
author="Rastegari, Mohammad
and Ordonez, Vicente
and Redmon, Joseph
and Farhadi, Ali",
editor="Leibe, Bastian
and Matas, Jiri
and Sebe, Nicu
and Welling, Max",
title="XNOR-Net: ImageNet Classification Using Binary Convolutional Neural Networks",
bookTitle="Computer Vision -- ECCV 2016: 14th European Conference, Amsterdam, The Netherlands, October 11--14, 2016, Proceedings, Part IV",
year="2016",


@book{wills2011visualizing,
  title={Visualizing time: Designing graphical representations for statistical data},
  author={Wills, Graham},
  year={2011},
  publisher={Springer Science \& Business Media}
}

@inproceedings{eschbach2005orthogonal,
  title={Orthogonal circuit visualization improved by merging the placement and routing phases},
  author={Eschbach, Thomas and Gunther, Wolfgang and Becker, Bernd},
  booktitle={VLSI Design, 2005. 18th International Conference on},
  pages={433--438},
  year={2005},
  organization={IEEE}
}

@inproceedings{stolte1999visualizing,
  title={Visualizing application behavior on superscalar processors},
  author={Stolte, Chris and Bosch, Robert and Hanrahan, Pat and Rosenblum, Mendel},
  booktitle={Information Visualization, 1999.(Info Vis' 99) Proceedings. 1999 IEEE Symposium on},
  pages={10--17},
  year={1999},
  organization={IEEE}
}

@article{diep1995vmw,
  title={VMW: A visualization-based microarchitecture workbench},
  author={Diep, Trung A and Shen, John Paul},
  journal={Computer},
  volume={28},
  number={12},
  pages={57--64},
  year={1995},
  publisher={IEEE}
}

@article{doering1996circuitviz,
  title={CircuitViz: A new method for visualizing the dynamic behavior of electric circuits},
  author={Doering, Edward R},
  journal={IEEE Transactions on Education},
  volume={39},
  number={3},
  pages={297--303},
  year={1996},
  publisher={IEEE}
}

@inproceedings{english2008hotspot,
  title={HotSpot: Visualizing dynamic power consumption in RTL designs},
  author={English, Tom and Man, Ka Lok and Popovici, E and Schellekens, Michel P},
  booktitle={Design \& Test Symposium (EWDTS), 2008 East-West},
  pages={45--48},
  year={2008},
  organization={IEEE}
}

@Misc{webcola,
title =    {{cola.js}: Constraint-Based Layout in the Browser},
howpublished = {\url{http://marvl.infotech.monash.edu/webcola/}},
year = {2017}
}

@article{bostock2011d3,
  title={D$^3$ data-driven documents},
  author={Bostock, Michael and Ogievetsky, Vadim and Heer, Jeffrey},
  journal={IEEE transactions on visualization and computer graphics},
  volume={17},
  number={12},
  pages={2301--2309},
  year={2011},
  publisher={IEEE}
}
